@thesis{Hertl2020,
  author    = {Hertl, J.},
  title     = {Ortogonální systémy polynomů},
  type      = {Bachelor's thesis},
  institution = {University of Ostrava},
  year      = {2020}
}

@unpublished{Tichy2018,
  author    = {Tichý, R.},
  title     = {Notes: Orthogonal Polynomials},
  note      = {Lecture notes},
  year      = {2018}
}

@unpublished{Tichy2013,
  author    = {Tichý, R.},
  title     = {Přednáška - Kvadratury},
  note      = {Lecture notes},
  year      = {2013}
}

@book{Gautschi2004,
  author    = {Gautschi, W.},
  title     = {Orthogonal Polynomials: Computation and Approximation},
  publisher = {Oxford University Press},
  year      = {2004},
  doi       = {10.1093/oso/9780198506720.001.0001}
}

@book{LordPowellShardlow2014,
  author    = {Lord, Gabriel J. and Powell, Catherine E. and Shardlow, Tony},
  title     = {An Introduction to Computational Stochastic PDEs},
  publisher = {Cambridge University Press},
  year      = {2014},
  doi       = {10.1017/CBO9781139017329}
}
